 

@Book{Greene2012,
  author ={Greene, William H.},
  title={Econometric Analysis},
  publisher={Prentice Hall},
  year={2011},
  edition={5},
  note={}
 }

