@article{Lovell2008,
 ISSN = {00220485, 21524068},
 URL = {http://www.jstor.org/stable/41426805},
 abstract = {The author presents a simple proof of a property of the method of least squares variously known as the FWL, the Frisch-Waugh-Lovell, the Frisch-Waugh, or the decomposition theorem.},
 author = {Michael C. Lovell},
 journal = {The Journal of Economic Education},
 number = {1},
 pages = {88--91},
 publisher = {Taylor & Francis, Ltd.},
 title = {A Simple Proof of the FWL Theorem},
 urldate = {2023-10-13},
 volume = {39},
 year = {2008}
}




@Book{Angrist2009,
  author ={Angrist, Joshua D. and J\"{o}rn-Steffen Pischke},
  title={Mostly Harmless Econometrics: An Empiricist's Companion},
  publisher={Princeton University Press},
  year={2009},
  note={Chapter 3}
 }
 



@article{Filoso2013,
author = {Valerio Filoso},
title ={Regression Anatomy, Revealed},
journal = {The Stata Journal},
volume = {13},
number = {1},
pages = {92-106},
year = {2013},
doi = {10.1177/1536867X1301300107},

}


@Book{Greene2012,
  author ={Greene, William H.},
  title={Econometric Analysis},
  publisher={Prentice Hall},
  year={2011},
  edition={5},
  note={}
 }


@article{Frisch1933,
 ISSN = {00129682, 14680262},
 URL = {http://www.jstor.org/stable/1907330},
 author = {Ragnar Frisch and Frederick V. Waugh},
 journal = {Econometrica},
 number = {4},
 pages = {387--401},
 publisher = {[Wiley, Econometric Society]},
 title = {Partial Time Regressions as Compared with Individual Trends},
 urldate = {2023-10-13},
 volume = {1},
 year = {1933}
}


