@book{Greene2011,
    author = {Greene, W. H.},
    title = {Econometric Analysis},
    publisher = {Prentice Hall},
    year = {2011},
    edition = {5th}
}

@book{PishroNik2014,
    author = {Pishro-Nik, H.},
    title = {Introduction to Probability, Statistics, and Random Processes},
    publisher = {Kappa Research LLC},
    year = {2014}
}

@book{AngristPischke2009,
    author = {Angrist, J. D. and Pischke, J.-S.},
    title = {Mostly Harmless Econometrics: An Empiricist's Companion},
    publisher = {Princeton University Press},
    year = {2009},
    chapter = {3}
}

@book{CameronTrivedi2005,
    author = {Cameron, A. C. and Trivedi, P. K.},
    title = {Microeconometrics: Methods and Applications},
    publisher = {Cambridge University Press},
    year = {2005},
    edition = {3rd},
    sections = {4.1--4.5, 4.8--4.9}
}

@book{HillGriffithsLim2010,
    author = {Hill, R. C. and Griffiths, W. E. and Lim, G. C.},
    title = {Principles of Econometrics},
    publisher = {John Wiley \& Sons},
    year = {2010},
    edition = {4th},
    chapters = {1--6, 8, 10.3}
}

@book{Kennedy2008,
    author = {Kennedy, P.},
    title = {A Guide to Econometrics},
    publisher = {Blackwell Publishing},
    year = {2008},
    edition = {6th},
    chapters = {3--11, 14},
    note = {In particular, Chapter 7, 8.1--8.3}
}

@article{Plackett1972,
    author = {Plackett, R. L.},
    title = {Studies in the History of Probability and Statistics. XXIX: The
    discovery of the method of least squares},
    journal = {Biometrika},
    year = {1972},
    volume = {59},
    number = {2},
    pages = {239--251}
}

@misc{RostamJessen2014,
    author = {Rostam-Afschar, D. and Jessen, R.},
    title = {{GRAPH3D}: Stata module to draw colored, scalable, rotatable 3D
    plots},
    howpublished = {Statistical Software Components, Boston College Department of
    Economics},
    year = {2014}
}

@book{StockWatson2012,
    author = {Stock, J. H. and Watson, M. W.},
    title = {Introduction to Econometrics},
    publisher = {Pearson Addison-Wesley},
    year = {2012},
    edition = {3rd},
    chapters = {4--9, 12}
}

@book{Verbeek2012,
    author = {Verbeek, M.},
    title = {A Guide to Modern Econometrics},
    publisher = {John Wiley \& Sons},
    year = {2012},
    edition = {3rd},
    chapters = {2--5}
}

@book{Wooldridge2002,
    author = {Wooldridge, J. M.},
    title = {Econometric Analysis of Cross Section and Panel Data},
    publisher = {MIT Press},
    year = {2002},
    sections = {4.1--4.23, 6.24},
    chapter = {5}
}

@book{Wooldridge2009,
    author = {Wooldridge, J. M.},
    title = {Introductory Econometrics: A Modern Approach},
    publisher = {Cengage Learning},
    year = {2009},
    edition = {4th},
    chapters = {1--8, 15}
}

@article{Filoso2013,
    author = {Filoso, V.},
    title = {Regression Anatomy, Revealed},
    journal = {The Stata Journal},
    year = {2013},
    volume = {13},
    number = {1},
    pages = {92--106}
}

@article{FrischWaugh1933,
    author = {Frisch, R. and Waugh, F. V.},
    title = {Partial Time Regressions as Compared with Individual Trends},
    journal = {Econometrica},
    year = {1933},
    volume = {1},
    number = {4},
    pages = {387--401}
}

@article{Lovell2008,
    author = {Lovell, M. C.},
    title = {A Simple Proof of the FWL Theorem},
    journal = {The Journal of Economic Education},
    year = {2008},
    volume = {39},
    number = {1},
    pages = {88--91}
}

@article{Hansen1982,
    author = {Hansen, L. P.},
    title = {Large Sample Properties of Generalized Method of Moments Estimators},
    journal = {Econometrica},
    year = {1982},
    volume = {50},
    number = {4},
    pages = {1029--1054}
}

@article{Hansen2012,
    author = {Hansen, L. P.},
    title = {Proofs for large sample properties of generalized method of moments
    estimators},
    journal = {Journal of Econometrics},
    year = {2012},
    volume = {170},
    number = {2},
    pages = {325--330},
    note = {Thirtieth Anniversary of Generalized Method of Moments}
}
