 

@Book{Greene2012,
  author ={Greene, William H.},
  title={Econometric Analysis},
  publisher={Prentice Hall},
  year={2011},
  edition={5},
  note={}
 }

  
@Book{Pishro2014,
  author ={Hossein Pishro‚ÄêNik},
  title={Introduction to Probability, Statistics, and Random Processes},
  publisher={Kappa Research LLC},
  year={2014},
 }
 
